
@article{IEEEreferencias:Ref1,
  title={Cripto-an{\'a}lisis sobre m{\'e}todos cl{\'a}sicos de cifrado},
  author={G{\'o}mez, Sebasti{\'a}n and Arias, Juan David and Agudelo, Diego},
  journal={Scientia et technica},
  volume={2},
  number={50},
  pages={97--102},
  year={2012}
}

@article{IEEEreferencias:Ref2,
  title={Monograf{\'\i}a fundamentos te{\'o}ricos, matem{\'a}ticos y estado del arte de las teor{\'\i}as base de la encriptaci{\'o}n de datos},
  author={V{\'a}squez Henao, Andr{\'e}s Felipe},
  year={2011},
  publisher={Pereira: Universidad Tecnol{\'o}gica de Pereira}
}

@article{IEEEreferencias:Ref3,
  title={La Escritura Cifrada},
  author={Gonz{\'a}lez, Antonio S{\'a}nchez},
  journal={Tabularium},
  number={1},
  pages={92--100},
  year={2014},
  publisher={Proyecto Tabularium}
}

@book{IEEEreferencias:Ref4,
  title={MATLAB: advanced GUI development},
  author={Smith, Scott T},
  year={2006},
  publisher={Dog ear publishing}
}

@book{IEEEreferencias:Ref5,
  title={MATLAB for Engineers},
  author={Moore, Holly and Sanadhya, Somitra},
  year={2009},
  publisher={Pearson Education International New York}
}
